<?xml version="1.0" encoding="UTF-8"?><collection xmlns="http://www.loc.gov/MARC21/slim"><record><leader>00528nam--2200145-i-4500</leader><controlfield tag="001">000013743</controlfield><controlfield tag="002">20161230</controlfield><controlfield tag="005">20170302173707</controlfield><controlfield tag="008">060222s1000------------r-----000-0-eng-d</controlfield><datafield ind1=" " ind2=" " tag="245"><subfield code="a">Central Institute of Physics. IFIN annual report of the department of Heavy Ion Physics. June 1, 1978 -December 31, 1979 1982-1983</subfield></datafield><datafield ind1=" " ind2=" " tag="260"><subfield code="a">Bucuresti</subfield><subfield code="b">Institute Of Physics And Nuclear Engineering</subfield><subfield code="c">1980</subfield></datafield><datafield ind1=" " ind2=" " tag="300"><subfield code="a">X + 295 p</subfield></datafield><datafield ind1=" " ind2=" " tag="700"><subfield code="a">Magda, Margareta Tatiana</subfield></datafield><datafield ind1=" " ind2=" " tag="852"><subfield code="a">539.172.17:539.171.6(047.1)(498)</subfield></datafield><datafield ind1=" " ind2=" " tag="CAT"><subfield code="a">SYS</subfield><subfield code="c">20170302</subfield><subfield code="h">173707</subfield></datafield></record></collection>